@book{nielsonsemantics,
	author = {Nielsen, Flemming and Nielson, Hanne R.},
	title = {Semantics with Applications: A Formal Introduction},
	publisher = {John Wiley \& Sons},
	year = {1992},
}

@misc{wiimote_emulator,
	author = "Ryan Conrad (rnconrad)",
	title = "WiimoteEmulator",
	urldate = {2025-03-19},
	howpublished = {\url{https://github.com/rnconrad/WiimoteEmulator}},
}

@misc{xwiimote,
	author = "xwiimote",
	title = "xwiimote",
	urldate = {2025-03-19},
	howpublished = {\url{https://github.com/xwiimote/xwiimote}},
}

@misc{xwiimote_bindings,
	author = "xwiimote",
	title = "xwiimote-bindings",
	urldate = {2025-03-19},
	howpublished = {\url{https://github.com/xwiimote/xwiimote-bindings}},
}

@misc{xwiimote_issue,
	author = "jessienab",
	title = "xwiimote issue 109",
	urldate = {2025-03-19},
	howpublished = {\url{https://github.com/xwiimote/xwiimote/issues/109}},
}

@misc{jr_wiimote_emu,
	author = "JRogaishio",
	title = "WiimoteEmulator - JRogaishio's fork",
	urldate = {2025-03-19},
	howpublished = {\url{https://github.com/JRogaishio/WiimoteEmulator}},
}

@misc{kf_wiimote_emu,
	author = "Kieran Fowlds",
	title = "WiimoteEmulator - Kieran Fowlds' fork",
	urldate = {2025-03-19},
	howpublished = {\url{https://github.com/Kieranoski702/WiimoteEmulator}},
}
